2834 4800
310 370 968 461 rnnnnxuncrrnnrnr'n.
1062 411 1144 476 ,ῃ

131 657 134 661 ⁴
159 593 225 644 non
237 558 362 659 positio
376 554 458 655 iam,
482 577 540 641 sed
556 573 744 659 suppositio
768 587 840 654 est,
864 594 945 657 quae
966 572 1066 656 magis
1084 557 1124 639 ad

155 691 395 763 controversias
412 690 562 772 pertinet.
608 688 691 755 Sunt
709 688 810 773 igitur
827 689 1028 772 positionum
1046 688 1124 778 aliae
1204 710 1212 733 ι

156 803 292 881 civiles,
320 803 397 866 aliae
416 805 567 884 privatae.
613 803 735 870 Civiles
763 798 912 886 quidem',
937 823 1019 886 quae
1036 820 1125 868 conr·
1187 856 1191 866 s

160 915 317 982 munibus
333 914 418 977 etad
434 913 594 977 civitatem
617 917 850 997 pertinentibus
869 917 1038 983 subiacent
1056 914 1127 998 opi·

154 1022 339 1107 mionibus',
362 1039 417 1090 ut:
441 1044 481 1092 an
505 1025 679 1091 rhetoricae
703 1031 841 1097 dandum
863 1031 1005 1123 studium
1024 1044 1055 1095 et
1072 1029 1125 1094 iris

156 1141 290 1210 similia.
335 1140 412 1207 Non
439 1140 551 1208 civiles
580 1159 655 1205 vero
677 1141 728 1242 vel
751 1143 907 1223 privatae,
939 1165 1020 1226 quae
1046 1156 1132 1238 sunt³

159 1255 309 1341 propriae
338 1255 516 1338 aliquarum
552 1254 797 1339 disciplinarum
828 1270 859 1320 et
889 1275 941 1322 eas
974 1259 1126 1338 profiten·

159 1369 270 1449 tium,
301 1383 364 1433 ut:
393 1388 432 1435 an
458 1369 541 1453 pilae
575 1369 711 1439 formam
746 1370 859 1438 habeat
887 1370 1057 1448 mundus,
1085 1362 1139 1439 an'

158 1481 256 1561 multi
274 1481 339 1545 sint
355 1482 488 1563 mundi,
511 1503 550 1549 an
567 1484 650 1569 ignis
670 1487 715 1554 sit
734 1489 797 1554 sol.
842 1486 912 1553 Hae
930 1482 1013 1549 enim
1031 1500 1126 1563 quae·

161 1593 286 1661 stiones
307 1597 345 1660 ad
365 1589 582 1681 philosophos
607 1601 779 1682 pertinent.
824 1601 908 1667 Nam
935 1613 1077 1666 oratores
1095 1596 1129 1661 in
1201 1604 1203 1607 ’

158 1708 232 1775 aliis
253 1725 330 1775 sunt
352 1713 531 1778 exercendi.
580 1713 838 1780 Nominaverunt
862 1727 967 1779 autem
998 1712 1130 1794 quidam
1216 1767 1228 1789 y.
1275 1751 1278 1757 -

149 1824 220 1889 :has
235 1824 377 1906 activas,
402 1825 473 1894 illas
491 1842 596 1893 autem
622 1827 841 1913 inspectivas,
871 1826 939 1893 sive
961 1824 1140 1891 intellecti'

101 1927 139 2052 ‘⁴
159 1957 245 2007 vas.
276 1938 346 2005 Hae
361 1940 445 2007 enim
463 1959 605 2026 possunt
621 1943 694 2028 agi,
718 1942 843 2008 illarum
868 1954 973 2009 autem
990 1940 1064 2006 finis
1080 1953 1130 2005 est

159 2052 359 2136 inspectio(
370 2055 438 2123 sive
464 2057 658 2125 intellectus.
705 2059 767 2125 Est
789 2073 893 2125 autem
921 2059 1004 2124 inter
1017 2057 1130 2122 locum

155 2186 363 2236 communem
377 2187 408 2237 et
424 2173 620 2256 positionem
648 2175 731 2254 hoc,
757 2175 845 2256 quod
866 2156 960 2240 locus
983 2149 1134 2252 commu·¹

157 2282 210 2350 nis
224 2286 391 2352 convictae
412 2303 443 2353 et
457 2286 644 2354 manifestae
663 2288 708 2354 rei
726 2304 774 2355 est
792 2286 1013 2374 exaggeratio,
1038 2282 1130 2369 posi·

155 2398 204 2465 tio
230 2416 334 2497 autern
369 2401 485 2468 dubiae
509 2402 553 2468 rei
580 2404 740 2486 quaestio.
793 2401 996 2472 Positionum
1019 2417 1129 2469 autem

157 2513 236 2578 aliae
254 2530 331 2578 sunt
352 2516 540 2594 simplices,
572 2519 649 2582 aliae
669 2518 710 2581 ad
732 2517 857 2598 aliquid
879 2531 1127 2604 comparantur,

149 2636 192 2689 ¹ct
218 2621 364 2702 duplices
396 2622 545 2685 videntur
575 2641 659 2687 esse.
712 2625 747 2686 Si
774 2629 857 2689 enim
883 2605 1046 2694 dicamusz
1087 2646 1130 2696 an

157 2735 364 2804 luctationem
388 2735 619 2815 esercendum,
651 2731 789 2815 simplex
816 2736 940 2816 positio
962 2754 1023 2804 est.
1068 2740 1128 2807 Sin
1160 2780 1165 2786 -

156 2866 282 2919 autem:
306 2851 516 2920 luctationem
540 2847 778 2929 exercendum,
811 2865 851 2913 an
875 2848 1128 2934 agriculturam,
1163 2909 1172 2918 .

154 2968 290 3048 duplex.
338 2965 478 3049 Oportet
495 2965 580 3032 enim
594 2965 633 3031 ab
648 2964 747 3030 altero
763 2963 924 3030 dehortari
943 2963 976 3032 in
991 2951 1126 3035 alterum

157 3082 351 3145 hortantem.
395 3079 597 3146 Dividuntur
619 3093 724 3145 autem
749 3079 930 3163 positiones
954 3079 1129 3165 capitulis,

160 3212 264 3276 quae,
288 3193 393 3259 finalia
411 3192 638 3276 nominantur,
662 3193 779 3276 idest,
796 3195 905 3276 iusto,
928 3194 1026 3277 utili,
1049 3210 1128 3280 pos·

156 3309 267 3391 sibili,
290 3311 432 3381 decente.
477 3289 544 3374 Ut:
570 3313 689 3375 iustum
711 3325 761 3378 est
779 3312 894 3377 ducere
918 3329 1071 3391 uxorem,
1096 3322 1129 3375 et

159 3427 249 3510 quod
266 3444 283 3492 a
300 3423 488 3512 parentibus
515 3424 719 3509 accepimus,
743 3428 870 3494 reddere
887 3426 986 3494 vitae.
1031 3421 1135 3509 Quod
1188 3482 1190 3487 .
1276 3452 1279 3457 ·

1049 3555 1128 3627 pro·

159 3700 224 3751 Sunt
245 3707 368 3756 remedi.
393 3709 465 3758 Edda
489 3711 546 3759 Sunt
563 3708 715 3758 occultandi.
799 3711 897 3758 Furem
915 3706 963 3766 epi.
985 3705 1049 3755 Edd.
1071 3718 1126 3758 ante

160 3794 260 3853 putsch.
276 3807 364 3855 possm
379 3814 454 3860 egere.
526 3804 555 3848 Sr'
567 3805 624 3847 endu
642 3802 741 3849 dicam
754 3810 802 3849 cet.
830 3796 880 3845 Hic
899 3808 966 3846 totns
985 3803 1072 3860 locus,
1089 3802 1126 3853 uei

162 3883 292 3944 dedimus,
309 3898 346 3935 est
361 3888 432 3937 inl).
454 3901 480 3936 et
493 3893 522 3938 v.
553 3891 656 3952 Reliqui
679 3902 779 3951 prester
800 3891 939 3940 nutscniun
960 3893 1004 3942 sic.
1029 3897 1126 3944 slenl·
1186 3904 1188 3908 ’

140 3978 261 4052 Ι,δίκαιε
272 3992 303 4028 aa
317 3979 460 4028 lneunm·
476 3978 621 4028 neumis·
629 4012 639 4043 ,
655 3997 686 4029 au
706 3984 887 4047 apriculam,
910 3983 1010 4048 ἅμα,
1023 3988 1125 4039 ,ominis
