2490 4838
225 376 272 464 δε
515 384 907 459 nn‘tsctnrtt

226 578 312 664 levi3
346 596 434 664 pono
457 587 587 660 quoque
609 573 733 680 antiqui
752 576 861 660 posivl
884 578 1057 646 secundum
1081 586 1194 650 analo·

223 697 315 781 ginnt
340 692 501 767 dicebant,
524 687 614 773 quod
628 706 714 754 nunc
732 693 829 774 posui
851 692 1001 760 dicimus.
1027 714 1108 763 ceno
1130 697 1194 766 ‘au-

139 845 144 861 .
223 828 291 878 tem
313 809 381 873 idco
405 801 505 867 cecini
526 802 694 886 dixerunt,
719 825 764 876 ne.
781 808 810 873 si
829 810 899 875 cavi
918 813 1093 877 secundum
1115 832 1192 881 ana·

162 1000 165 1031 ι
218 925 341 1007 logiam
367 918 526 997 dicerott,
544 916 616 985 'noa
641 929 758 988 acano
772 925 859 989 nasci
878 924 1054 1009 videretur,
1078 930 1133 993 aod
1146 931 1189 996 ab

112 1045 114 1052 '
222 1034 371 1121 eoquod
393 1048 444 1099 est
467 1052 579 1101 caveo.
620 1037 673 1102 Ab
704 1057 743 1104 eo
773 1052 877 1105 tamen
900 1043 1080 1123 composita
1098 1041 1131 1110 in
1148 1047 1191 1110 ui

213 1149 346 1216 'iaciunt
364 1145 591 1235 praeteritum,
610 1154 748 1219 concino
765 1154 939 1234 concinui,
963 1157 1096 1224 succino
1114 1179 1192 1226 suc·

202 1265 331 1358 (sinui,
365 1267 481 1334 occino
510 1269 651 1337 occinui.
683 1269 753 1335 'Dic
772 1268 940 1351 participia
970 1272 1085 1338 activa.
1123 1276 1194 1342 Ca·
1231 1272 1235 1279 ’

222 1401 303 1450 nens
323 1397 354 1450 et
374 1399 539 1451 canturos.
568 1384 709 1467 passiva.
739 1397 852 1449 cantus
870 1399 903 1449 et
916 1389 1089 1453 canendus.
1123 1391 1191 1456 Fac

142 1538 144 1541 v
220 1500 261 1582 ab
285 1501 336 1566 his
353 1499 494 1567 nomina.
536 1500 702 1579 Cantussl
731 1503 808 1584 dial,
840 1515 871 1565 et
894 1501 1023 1582 cantio,
1053 1496 1189 1587 tanton,

218 1597 344 1682 eantrix
366 1631 397 1682 et
425 1615 593 1683 cantilena.
639 1616 683 1680 Et
708 1635 725 1679 a
749 1614 1009 1702 frequentativist
1042 1631 1189 1686 cantatus

219 1731 380 1811 cantatio,
412 1747 443 1794 et
459 1743 605 1795 cantator
629 1730 819 1794 cantatrix.»
844 1731 1036 1798 Concinnus
1059 1750 1192 1821 quoque

210 1865 240 1910 a
252 1845 395 1914 canendo
410 1844 627 1928 conpositum
643 1859 704 1910 est.
737 1845 875 1925 Troiae,
890 1862 969 1932 quae
980 1867 1053 1930 pars
1071 1851 1192 1918 oratio·

221 1961 277 2026 nis·
293 1962 366 2027 esti
388 1958 530 2025 Nomen.
561 1959 689 2046 Quale?
717 1958 899 2038 Proprium.
924 1961 1029 2025 Cuius
1044 1965 1189 2044 speciei?

206 2075 434 2143 'Derivativao
479 2073 510 2135 A
527 2072 615 2134 Troe
634 2070 716 2134 enim
735 2088 807 2153 rege
825 2071 986 2137 nominata
1010 2089 1057 2139 est
1073 2076 1190 2148 Troia.

219 2187 282 2254 Dic
300 2185 339 2250 ab
354 2205 392 2252 eo
407 2185 467 2250 alia
488 2182 671 2250 derivativa.
697 2183 879 2268 Troianus,
902 2185 1061 2274 Troicus3
1080 2192 1191 2277 Tros,

1106 2327 1200 2391 quo!

221 2527 262 2567 eo.
311 2515 371 2564 ceri
384 2535 416 2553 -
430 2525 503 2567 ems.
529 2505 570 2564 itt·
583 2524 669 2564 ontner
688 2509 755 2564 libri.
779 2511 900 2564 Nimirum
917 2526 968 2584 quo
986 2516 1066 2569 ntnns
1085 2522 1148 2573 haee
1162 2526 1191 2576 ln

220 2596 288 2656 aui
302 2626 337 2643 -
351 2618 436 2667 causo,
452 2619 548 2668 mutes,
565 2605 703 2668 impediunt
716 2610 832 2670 exempla
852 2622 926 2671 supro
945 2608 1043 2672 posits,
1059 2625 1105 2676 per
1123 2629 1191 2678 qu„

219 2714 307 2766 aperte
324 2714 375 2750 non
395 2716 410 2747 u
424 2701 520 2751 vocslls
534 2701 579 2750 sed
594 2715 610 2750 ν
626 2711 737 2750 consons
752 2700 778 2749 in
794 2701 968 2751 terminatione
985 2707 1011 2753 sl
1026 2704 1190 2764 significator.

217 2798 248 2846 In
264 2798 297 2845 ut.
315 2794 351 2843 ltt
369 2796 391 2843 s.
412 2793 488 2842 Addit
505 2795 537 2846 R.
555 2792 646 2844 divisas
662 2794 775 2854 syllabas.
798 2795 893 2843 norm
905 2806 1041 2853 agnoscunt
1053 2797 1192 2854 editiones.

217 2890 344 2941 censeret.
360 2893 505 2941 cantaturus
521 2888 548 2937 Ρ.
565 2887 698 2938 caniturus.
712 2887 811 2937 rouen.
858 2888 951 2934 sturno
961 2905 993 2925 -
1004 2890 1098 2937 serim.
1114 2890 1192 2948 llaec
1209 2917 1217 2937 .

217 2998 244 3036 et
267 2982 413 3034 intermedia
436 2982 527 3032 desunt
549 2981 574 3030 ln
597 2984 620 3030 s.
684 2978 730 3030 rae
751 2981 780 3026 ab
799 2978 835 3027 tn
850 2982 949 3029 mm.
972 2979 1012 3029 Ab
1027 2979 1075 3030 eis·
1098 2992 1191 3039 tenent

218 3091 304 3129 ontnes
321 3076 445 3126 editiones
462 3085 548 3124 contra
565 3072 641 3122 fldem
657 3072 719 3122 Mas.
766 3071 1190 3138 Afrsqsssssrislssssssatss‚ras-

219 3175 285 3218 satta.
304 3173 339 3219 ltn
358 3166 453 3231 scripti.
472 3169 520 3218 sed
540 3167 565 3216 ln
581 3168 613 3216 lt.
631 3168 712 3226 glossa
725 3167 789 3216 haee
802 3164 963 3228 interpositos
980 3166 1023 3216 du
1037 3160 1107 3231 uss,
1120 3184 1190 3224 cm.

207 3272 241 3329 sss
257 3265 351 3311 causito.
373 3260 459 3310 voluit
472 3257 539 3307 enirn
560 3259 706 3310 scholiastes
726 3259 847 3310 rationem
866 3259 988 3322 reddere,
1005 3273 1051 3312 eur
1069 3263 1191 3327 frequen·

218 3353 294 3405 tatius
309 3352 398 3415 plurali
411 3361 515 3401 nurnero
531 3351 661 3414 dicantur,
677 3365 703 3401 et
717 3361 797 3400 temen
817 3353 848 3401 ab
862 3364 918 3400 uno
937 3341 1030 3402 'tanturn
1044 3354 1190 3416 frequenta·

202 3449 298 3510 ·tstivo
320 3445 458 3496 derivativa
478 3445 618 3495 laudentur.
651 3447 718 3498 ilinc
737 3445 811 3496 etltnt
828 3454 883 3504 est,
906 3444 974 3505 quod
996 3442 1030 3491 les
1046 3446 1144 3503 legetur
1161 3453 1189 3502 in

11 3580 14 3590 .
116 3522 119 3529 '
216 3543 297 3593 Editis
323 3540 453 3597 omnibus:
483 3538 511 3585 A
527 3537 708 3597 frequentativo
729 3538 772 3587 dus
794 3524 1098 3599 cassissm,.cmirait's,
1120 3554 1190 3603 qu„

216 3649 327 3686 monstra
344 3634 476 3684 verborum
491 3633 639 3692 expellenda
652 3644 718 3683 sunt.
779 3632 816 3679 ue
827 3631 938 3680 castatis.
956 3630 1027 3680 iisne
1040 3643 1131 3684 vocent
1146 3641 1189 3688 ul-

217 3725 278 3777 timo
298 3732 358 3780 loco
371 3714 468 3792 ponunt
484 3723 561 3774 Editl.
586 3725 623 3773 lio
640 3727 701 3776 loco
724 3723 833 3774 nesctnn
849 3738 863 3772 a
879 3722 993 3785 scriptis.
1047 3725 1114 3788 Qus
1129 3740 1190 3792 pm

199 3816 202 3820 '
217 3822 325 3869 nationis
341 3833 381 3870 sse.
405 3825 516 3872 vocerns
534 3815 742 3880 ortnonls,qntt
755 3817 782 3867 io
797 3816 911 3865 otnnlbus
919 3816 998 3868 Editis
1012 3818 1188 3884 desideretur,

197 3907 235 3953 ὀ
251 3905 314 3952 Mss-
334 3912 442 3966 renostd.
460 3892 492 3961 A¹
502 3915 566 3963 Tm.
585 3926 598 3963 s
612 3915 689 3964 Troo.
705 3914 739 3964 R.
761 3912 809 3960 Dte
824 3913 854 3959 ab
870 3895 959 3960 ss'ah's
974 3911 1111 3963 renueras.
1130 3918 1187 3966 De-

217 3996 306 4050 rlvata.
330 3994 468 4053 Editiones.
499 4006 529 4052 la
549 4004 658 4059 Mediol.
682 3990 758 4058 etism
778 4015 831 4057 vox
852 4019 877 4055 ss
897 4017 983 4058 errore
1003 4002 1188 4068 typotrsphieo

818 4104 821 4113 ’
1108 4099 1192 4154 smir-
