2628 4940
261 366 330 446 at·
419 417 425 432 ,
501 293 948 416 ''rut-sereret

255 533 475 616 procedentes
486 531 585 618 igitur
601 551 659 616 per
673 533 745 598 loca
760 509 979 605 laudationis,
1001 537 1229 612 comparamus

262 625 422 718 eturbern
433 648 526 730 urbi,
544 667 582 714 ex
597 666 660 732 qua
678 657 757 711 sunt
770 639 853 722 viri,
874 653 908 706 et
924 657 1028 724 genus
1044 645 1170 728 generi,
1190 663 1226 716 et

258 767 384 853 pictum
399 763 517 842 victui,
526 777 557 827 et
566 758 787 848 professiones
799 751 1083 839 professionibus,
1092 774 1219 844 etgesta

257 882 381 966 gestis,
404 893 483 944 etet
497 895 579 958 quoe
599 873 751 940 accidunt
774 867 995 951 extrinsecus,
1020 886 1052 936 et
1066 873 1218 943 'diversos

258 994 531 1074 mortismodos,
555 1005 585 1054 et
600 1004 682 1070 quae
704 1001 771 1050 eam
788 998 873 1060 ,sunt
893 1001 1090 1054 consecuta·
1127 991 1222 1060 Simi.

155 1141 160 1157 ι
255 1109 331 1181 liter
349 1107 378 1174 si
403 1107 532 1172 arbores
559 1117 742 1184 comparare
760 1097 920 1178 volueris,
948 1098 1097 1170 conferes
1124 1107 1221 1174 etiam

1301 667 1302 718 l

183 1309 185 1312 Ι
257 1220 472 1322 praesidentia
495 1217 541 1284 eis
564 1215 719 1296 numina,
741 1228 773 1278 et
796 1213 868 1279 loca
889 1212 1055 1296 inquibus
1073 1235 1223 1288 naseun-

159 1406 163 1418 ,
257 1349 336 1416 tur,
359 1350 391 1400 et
409 1333 536 1400 fruetus
554 1347 585 1398 et
607 1331 798 1410 utilitatem,
822 1341 854 1420 et
874 1325 998 1394 similia.
1039 1329 1104 1398 Res
1130 1353 1221 1416 quo-

258 1469 326 1534 que
346 1451 375 1516 si
397 1466 585 1532 compares,
617 1447 727 1526 dices,
758 1442 816 1526 qui
831 1441 927 1526 primi
943 1461 994 1510 eas
1021 1443 1223 1532 inuenerint,

251 1581 293 1641 ,et
310 1584 365 1632 eos
383 1563 543 1632 conferes.
568 1561 747 1628 Praeterea
767 1559 948 1642 qualitatem
975 1559 1074 1628 animi
1096 1576 1131 1630 et
1154 1584 1226 1634 eor·

256 1680 377 1770 poris..
416 1679 502 1746 Idem
533 1676 594 1744 tibi
622 1676 667 1744 sit
695 1687 881 1762 preceptum
910 1675 944 1742 in
972 1675 1122 1772 reliquis.
1170 1681 1222 1748 Sit

256 1794 344 1882 enim
361 1795 412 1860 vel
431 1793 464 1862 in
488 1791 639 1862 omnibus
663 1793 716 1858 vel
740 1791 774 1857 in
793 1791 955 1876 plerisque
977 1775 1096 1860 similia
1118 1811 1222 1864 osten·

257 1909 393 1991 dimus,
426 1929 508 1991 quae
532 1925 770 1994 comparamus.
829 1905 894 1974 Est
918 1921 1056 1992 autem,
1093 1915 1222 1994 quando
1301 1891 1302 1982 l

257 2026 448 2090 alterutrum
482 2021 710 2107 praeponimus
742 2023 985 2106 comparandos
1021 2024 1086 2092 Est
1105 2026 1219 2108 enam,

257 2141 391 2222 quando
410 2123 598 2222 alterutrum
624 2121 870 2224 vituperantes,
897 2138 1086 2206 alterutrum
1118 2143 1219 2210 lauda·

256 2269 354 2334 mus,
377 2267 414 2318 ut
440 2252 469 2318 si
489 2269 711 2334 comparemus
731 2251 963 2334 iustitiam,.et
985 2231 1121 2324 diuitias.
1162 2257 1216 2322 Fit
1301 2249 1302 2302 l

157 2403 163 2411 -
255 2377 362 2429 autem
389 2363 589 2441 comparatio
620 2362 713 2428 etiam
746 2364 786 2428 ael
815 2363 955 2450 melius,
984 2383 1019 2436 ut
1043 2369 1071 2436 si
1100 2371 1213 2438 laudas
1301 2371 1302 2448 l

255 2473 385 2542 Ulixem
398 2492 577 2558 comparem
602 2475 694 2543 illum
722 2475 876 2564 Herculi,
893 2483 1051 2552 minorem
1077 2483 1214 2553 similem
1301 2553 1302 2610 1

253 2587 370 2663 maiori
396 2585 574 2660 virtutibus
598 2593 712 2660 volens
744 2597 925 2665 ostendere.-
970 2600 1085 2687 Exigit
1112 2617 1214 2688 autem
1301 2613 1302 2680 l

255 2703 482 2780 huiuscemodi
500 2709 595 2776 locus
611 2707 728 2777 fortem
750 2723 927 2796 oratorem,
948 2731 981 2780 et
995 2718 1163 2798 callidum,
1187 2732 1220 2783 et
1301 2707 1302 2782 ἶ

251 2823 413 2908 celerem,
437 2838 475 2892 ut
491 2823 590 2909 agiles
603 2825 712 2908 possit
727 2844 821 2910 saepe
833 2823 935 2898 faeere
948 2829 1162 2924 transitiones,
1301 2809 1302 2812 ¹

1121 3083 1225 3158 CA·

572 3275 783 3370 ¹‘eruut
828 3315 878 3372 tr.

245 3465 252 3478 '
282 3483 428 3546 mun
442 3488 547 3544 struo·
563 3493 693 3548 annae.
719 3499 758 3550 ,ιι
777 3502 823 3554 me
842 3513 906 3555 voe
920 3499 1005 3554 reret:
1017 3503 1049 3552 n.
1067 3497 1095 3552 u
1108 3515 1162 3566 quo
1173 3503 1223 3556 ro·

250 3581 312 3642 llum
324 3599 363 3637 est
377 3586 522 3643 extrusum.
544 3599 547 3606 ’
592 3587 759 3644 praeuncta.
783 3595 881 3648 Putstlt.
901 3598 945 3656 eda
959 3597 1101 3655 parentia.
1173 3597 1223 3646 Est

245 3681 327 3734 etlam
350 3683 395 3732 Est
409 3693 499 3736 auteru.
523 3683 588 3736 cod.
601 3685 633 3734 v.
647 3695 673 3732 et
687 3683 750 3738 edd.
774 3687 803 3738 ln
824 3691 846 3738 s.
861 3689 946 3752 derum
960 3689 1095 3740 antecede.
1111 3685 1158 3740 aba
1175 3687 1220 3739 Est

248 3764 420 3840 mn'ptque
433 3776 480 3828 eda
497 3776 649 3842 etpumia.
715 3776 996 3835 [tralucentes.
1019 3777 1138 3848 Reliquit
1157 3777 1222 3846 tup-

250 3879 306 3922 αι.
370 3869 448 3933 um.
472 3871 536 3923 Ede.
549 3869 721 3924 ente'l’tuseltr
737 3879 831 3940 stupet.

1141 4043 1222 4095 CA·
