2618 4932
231 453 293 545 „⁶
439 385 631 514 uonna
661 433 733 508 no
761 431 988 510 tronum

235 641 350 708 docere
365 631 484 719 pergit.
525 629 612 696 Idem
634 609 730 694 etiam
757 626 797 692 ab
821 623 949 692 infimae
970 628 1084 696 aetatis
1112 629 1230 697 homi-

236 736 336 822 nibus
362 743 588 816 Grammaticis
611 735 733 808 factum
755 759 849 821 esse,
873 753 1082 825 mutansque
1102 744 1146 810 ab
1163 746 1230 812 bis·

237 865 457 950 antiquiorum
471 841 626 926 librorum
644 857 789 937 formas,
812 869 956 922 constat.
971 853 984 912 .·
1003 857 1030 924 tt
1052 859 1163 942 enim,
1182 863 1222 927 m

237 981 357 1051 frivola
378 975 510 1044 libidine
531 971 653 1041 maiora
670 989 766 1054 opera
787 972 979 1054 excerpendi
1001 981 1032 1038 et
1048 973 1224 1044 breviandi
1283 1015 1284 1066 3

237 1112 305 1166 non
329 1091 596 1175 acquiescentes,
628 1075 726 1153 alium
752 1084 845 1152 etiam
870 1083 1013 1152 habitum
1040 1086 1225 1186 obtmdeso
1283 1073 1284 1076 ¹

237 1211 346 1280 conati
372 1220 472 1287 sunt,
501 1201 624 1287 quippe
642 1201 868 1292 elegantiorem
889 1217 925 1266 ex
946 1217 1002 1266 suc
1025 1202 1224 1288 opinione,

237 1341 270 1395 et·
301 1323 366 1392 ltoc
393 1319 530 1388 maxime
555 1312 674 1385 efficere
696 1301 892 1383 studuerunt
915 1313 1105 1398 interpositis
1121 1318 1226 1386 eati-

241 1460 325 1527 quae
349 1435 487 1508 orationi
509 1430 750 1514 colloquiorum
776 1429 942 1498 somnulis.

284 1555 372 1624 Haec
390 1551 471 1620 mihi
491 1545 669 1633 cogitanti,
687 1543 921 1630 cumprimum
937 1545 999 1613 hos
1012 1545 1113 1617 libros
1122 1530 1222 1620 'Pris-

225 1670 349 1752 alani,
387 1669 426 1735 dc
439 1661 690 1752 principalibus
719 1639 876 1729 'versibus
906 1659 1088 1746 Aeneidos,
1119 1681 1153 1731 et
1177 1669 1218 1734 de
1283 1691 1284 1744 l

243 1785 445 1857 nemoribus
470 1783 628 1867 legerent,
660 1791 733 1844 nata
757 1790 807 1844 est
832 1776 1003 1860 suspicio,
1025 1795 1067 1845 an
1084 1781 1120 1847 hi
1141 1783 1218 1851 libri

246 1922 319 1972 vere
338 1885 409 1968 eius
427 1897 494 1966 sint
514 1895 678 1974 auctoris,
702 1891 795 1958 cuius
817 1907 937 1958 nomen
952 1895 1155 1982 praeferunt,
1171 1917 1217 1966 an

245 2021 354 2088 eadem
371 2015 410 2082 ab
431 2010 530 2081 initia
545 2009 668 2076 luerint
684 2005 810 2089 forma,
835 2027 900 2090 qua
919 2027 1008 2076 nunc
1025 2028 1111 2079 sunt.
1148 2015 1214 2082 Sed

247 2145 325 2200 cum
343 2149 421 2198 mox
439 2124 754 2205 animadvertissem,
776 2122 884 2190 omnia
898 2123 986 2191 hunc
1001 2127 1111 2211 loqui,
1127 2131 1217 2198 huno

246 2247 360 2316 testari
391 2242 604 2328 scriptorem,
637 2239 863 2323 'Prisciauum3
896 2257 1017 2310 cernam
1052 2246 1128 2312 mihi
1155 2260 1219 2313 erat

177 2416 181 2424 .
247 2363 462 2442 interpolatos
485 2376 558 2424 esse
579 2357 693 2423 libros.
748 2353 986 2424 confirmarunt
1004 2373 1115 2438 postea
1140 2361 1215 2442 opi·

250 2476 380 2543 monem
415 2469 590 2570 quaedum,
619 2485 703 2551 quac
723 2485 815 2540 antea
844 2471 1030 2542 inveniebam
1058 2472 1094 2540 tn
1116 2477 1216 2543 codd.

249 2603 351 2675 mam
370 2584 469 2654 huius
485 2583 582 2665 libri,
611 2583 669 2666 qui
689 2601 743 2652 esc
758 2589 797 2655 de
812 2589 1035 2672 decentibus,
1055 2589 1158 2658 MSS«
1173 2591 1218 2659 in·

248 2678 361 2793 spent
404 2699 606 2770 Invetriebam
624 2701 722 2769 etiam
736 2703 1021 2774 adbibliothecam
1035 2707 1217 2777 Leidensem

251 2817 423 2908 profectus
451 2815 643 2900 manriquo
669 2819 780 2886 codice
788 2857 806 2902 ,·
832 2821 866 2888 in
894 2838 970 2905 quo·
988 2824 1108 2891 inerim
1129 2825 1218 2890 Paul·
1283 2829 1284 2880 l

251 2941 327 3020 lus,
358 2935 445 3003 Festi
473 2933 673 3017 exscriptor,
698 2949 730 3002 et
754 2935 860 3004 Nonii·
880 2939 913 3004 in
945 2939 1075 3007 menius
1098 2955 1219 3007 contra·-

251 3050 546 3132 ctumcnemplar,
567 3031 651 3122 inter
667 3051 791 3134 reliqua
808 3053 920 3120 vacuis
934 3071 1016 3138 post
1030 3055 1118 3124 linita
1132 3070 1219 3141 opert

250 3167 383 3254 paginis
401 3160 576 3244 inscripta,
605 3177 759 3232 tractatus
782 3169 848 3235 duo
865 3171 904 3236 de
921 3173 1134 3256 accentibus,
1157 3172 1222 3256 qui·

184 3329 190 3336 -
217 3265 225 3282 ’
250 3282 321 3349 bus
342 3279 462 3350 titulus·
476 3279 738 3362 praesenserat:
763 3281 1041 3373 interrogationes
1056 3303 1089 3355 er
1102 3307 1223 3377 respon*-

249 3400 359 3465 arom
390 3393 432 3460 dc
453 3398 647 3465 ercanradus.
709 3395 850 3466 Litterae
885 3399 953 3468 fere
983 3403 1224 3472 evanescebant

254 3510 425 3595 Descripsi
443 3523 562 3581 nmen.
606 3509 690 3581 Mox
714 3513 943 3598 anintadverti,
966 3533 1033 3583 esse
1057 3515 1091 3581 in
1116 3518 1222 3599 primo

252 3625 439 3714 fragmento
459 3628 586 3708 adom,
609 3648 692 3711 quae
711 3629 877 3700 Maximus
894 3629 1078 3698 Victorinus
1105 3625 1141 3698 ln
1160 3647 1224 3701 arte

246 3742 500 3828 Grammatica,
519 3741 623 3824 capite
639 3743 678 3812 de
695 3746 898 3816 decentibus
922 3746 1037 3828 habet,
1061 3747 1219 3832 (Putscb.
1283 3821 1284 3848 χ

250 3859 583 3946 .1942)ittttmen,
606 3867 644 3925 ut
669 3861 780 3930 omuis'
797 3865 902 3933 oratio
924 3863 958 3934 in
981 3863 1140 3978 colloquii
1163 3863 1222 3930 for·

301 3988 306 3998 ’
482 4025 488 4030 -
548 4023 588 4034 ··
622 4015 633 4050 s
1147 3995 1218 4050 mil!
1283 4007 1284 4064 ξ
