2628 4940
259 398 333 512 ,aa
445 332 788 486 andnuman
814 378 1081 462 manum-

261 605 318 670 ιιι
340 601 428 671 aresi
457 599 511 656 ter
532 579 735 665 septuaginta
759 589 791 644 et
815 575 988 661 quinque,
1019 571 1095 648 mile
1116 591 1240 666 earn,

262 709 316 777 Sie
343 707 378 774 in
401 701 489 774 omni
513 715 670 780 numero,
698 685 765 780 (l)
787 691 820 758 in
849 711 922 775 qun
946 694 1148 764 diversorum
1172 720 1233 784 pe·

261 827 338 898 dum
360 835 437 890 sunt
453 820 560 888 eadem
583 816 656 880 ioca
679 808 827 893 capacia,
850 807 947 876 utin
969 814 1171 895 anapaestico
1191 830 1230 882 et

259 933 442 1018 trochaico,
464 929 665 1003 iactatione
686 923 920 1030 figuraspotes
945 921 1102 996 invenire.
1144 930 1230 996 Nam

257 1055 292 1125 in
308 1053 376 1120 illia
392 1049 522 1128 metria,
545 1045 582 1110 in
605 1041 726 1124 quibus
744 1038 871 1123 singula
888 1041 960 1106 loca
982 1039 1069 1108 iiiios
1087 1043 1232 1127 habent,

259 1169 359 1240 idean
375 1165 548 1248 singulus,
572 1156 671 1222 unius
693 1168 771 1222 sunt
791 1152 928 1238 figurae,
949 1167 985 1219 ut
1002 1156 1037 1220 ln
1050 1155 1233 1241 Asclepia.

257 1285 319 1350 deo
351 1297 389 1346 tc
416 1272 604 1360 Sapphico,
642 1271 727 1356 (en)
755 1269 1037 1354 hendecasyllabo,
1068 1272 1230 1342 undecim

257 1395 472 1480 ayltabarum,
495 1403 527 1456 et
542 1387 577 1454 in
592 1384 769 1454 similibus.

265 1559 403 1634 'Pata
430 1583 483 1631 ιο.
530 1555 716 1630 Generalis.
761 1541 846 1646 Quia
867 1552 1052 1641 generaliter
1067 1569 1154 1625 arina
1171 1571 1229 1628 vn·

260 1690 375 1748 tantur
399 1677 506 1747 omnia
531 1679 756 1744 instrumenta.
802 1671 1032 1741 Deriuatiaee.
1071 1673 1152 1758 (Sic
1168 1693 1228 1758 pro

256 1795 439 1884 generali,
462 1793 536 1862 eod.
561 1791 605 1858 R.
630 1791 721 1874 qnod
747 1797 857 1856 nutare
879 1787 1077 1875 omisimus)
1105 1789 1227 1857 scilieet

251 1889 290 1978 ab
314 1921 415 1979 armoe

303 2025 537 2092 Instrumenta.
580 2017 796 2091 Instrumenta
811 2017 964 2086 dicuntur
977 2037 1042 2104 eo,
1062 2019 1147 2105 quod
1159 2033 1224 2102 noa
1297 2019 1298 2022 ’

257 2136 422 2208 instruant
444 2143 484 2207 ad
502 2139 626 2223 aliquid
642 2136 837 2204 faciendum.

260 2244 263 2252 Δ
301 2257 509 2342 Agrestibus.
555 2256 709 2336 Agrestes
730 2265 827 2317 vocat
852 2245 1008 2318 rusticos.

262 2363 422 2432 Arma.
468 2359 659 2444 vomerem,
681 2375 840 2446 aratrum,
864 2379 980 2432 cetera.

260 2467 496 2544 Naataru'm
517 2497 652 2574 queque
695 2477 742 2560 (n
748 2479 766 2564 )
721 2477 946 2548 nSatatium
964 2495 993 2546 et
1007 2481 1103 2548 mola.

260 2583 514 2692 Cerealiaque
536 2611 647 2660 arma.
703 2593 801 2660 Ceres
828 2593 947 2662 dicitur
967 2599 1023 2667 dea
1047 2589 1298 2682 frumenti,
1297 2623 1298 2682 i

257 2697 352 2780 cuius
386 2729 475 2778 sacra
500 2713 685 2796 θεσμοφόρια
710 2723 891 2791 vocantur,
917 2711 1001 2794 quia
1028 2711 1101 2796 ipsa
1124 2717 1222 2798 legem

258 2813 499 2922 frumentariam
521 2824 693 2892 adinvenit.
741 2829 863 2908 θεσμὸς
882 2844 993 2910 graece
1012 2827 1141 2894 dicitur
1144 2829 1221 2912 lex;
1297 2823 1298 2902 ἶ

255 2946 378 3030 φιριιι,
401 2941 503 3008 ferre
565 2936 643 3002 Inde
668 2936 811 3005 Cerealia
832 2939 987 3010 dicuntur
1011 2959 1096 3010 arma
1115 2941 1222 3028 piato·

258 3075 353 3142 rum,
376 3057 417 3140 (o
423 3059 441 3142 )
463 3051 612 3119 aetatium
635 3052 759 3120 scilicet
776 3067 807 3120 et
823 3057 922 3123 mola.

297 3235 395 3298 Pan.
411 3251 472 3296 11.
517 3231 705 3320 Armigers
725 3193 823 3302 Arma
838 3253 963 3320 gerens.
1000 3235 1123 3308 Graece
1135 3246 1231 3314 im

239 3347 345 3448 '0558
365 3359 513 3414 Vocatur.
1102 3393 1107 3402 ,
1297 3343 1298 3402 ¹

478 3455 481 3462 '
1151 3469 1231 3552 Ar·

291 3629 343 3701 (1)
356 3635 385 3686 in
399 3645 452 3698 qao
470 3631 564 3694 ainraie
576 3635 634 3686 iera
648 3635 732 3697 piaret
745 3632 871 3700 recipiunt
882 3632 963 3703 petet.

287 3725 354 3793 (ι)
371 3728 587 3788 Hendeeaeyliaba
603 3727 646 3778 vei
660 3727 918 3798 menedecuyuate.

252 3861 258 3894 Ι
286 3816 343 3882 (ιι)
360 3817 439 3870 siria
455 3819 554 3872 redire.

247 3895 258 3912 ⁴
290 3905 689 3976 (ostemctemncence.
762 3927 767 3936 ·
798 3917 825 3932 ··
